@article{vanPutten2018,
    author  = "van Putten, Olbrich, Arns",
    title   = "Predicting sex from brain rhythms with deep learning",
    year    = "2018",
    journal = "Scientific Reports",
}

@article{Schirrmeister2017,
	author    = "Schirrmeister et al.",
	title     = "Deep learning with convolutional neural networks for brain mapping
	and decoding of movement-related information from the human {EEG}",
	journal   = "CoRR",
	year      = "2017",
}

@article{Latta2006,
	author = "Latta, Leproult, Tasali, Hofmann, Van Cauter",
	year = "2006",
	title = "Sex differences in delta and alpha EEG activities in older adults",
	journal = "Sleep",
}

@article{Krizhevsky2012,
	author = "Krizhevsky, Sutskever Hinton",
	year = "2012",
	title = "ImageNet Classification with Deep Convolutional Neural Networks",
	volume = {25},
	journal = {Neural Information Processing Systems},
}